<?xml version="1.0" encoding="UTF-8"?>
<SOAP-ENV:Envelope xmlns:SOAP-ENV="http://schemas.xmlsoap.org/soap/envelope/" xmlns:of="http://oss.dbc.dk/ns/openformat" xmlns:ofo="http://oss.dbc.dk/ns/openformatoutput"><SOAP-ENV:Body><of:formatResponse><marc:record xmlns:marc="http://www.loc.gov/MARC21/slim"><leader>00000nam a22000001c 4500</leader><controlfield tag="001">870970:04158741</controlfield><controlfield tag="003">DKDLA</controlfield><controlfield tag="005">20010128224732.0</controlfield><controlfield tag="007">ta</controlfield><controlfield tag="008">850920s1942    dk |||||||||| 00||fdan||</controlfield><datafield ind1="1" ind2=" " tag="100"><subfield code="a">Ingemann, B. S.</subfield></datafield><datafield ind1=" " ind2="0" tag="245"><subfield code="a">Erik Menveds Barndom</subfield><subfield code="?">Ved Henrik Madsen</subfield></datafield><datafield ind1=" " ind2=" " tag="260"><subfield code="b">Gyldendal,</subfield><subfield code="c">1942</subfield></datafield><datafield ind1=" " ind2=" " tag="300"><subfield code="a">340 sider</subfield></datafield><datafield ind1="1" ind2=" " tag="700"><subfield code="a">Madsen, Henrik</subfield></datafield></marc:record></of:formatResponse></SOAP-ENV:Body></SOAP-ENV:Envelope>
